@article{CLSS1,
  title={宇宙大尺度结构的形成},
  author={向守平, 冯珑珑},
  isbn={},
  url={},
  pages={56},
  year={2011},
  publisher={中国科技教育出版社}
}

@article{GRAIfPh1,
  title={General Relativity: An Introduction for Physicists. },
  author={M. P. Hobson, G. P. Efstathiou and A. N. Lasenby,},
  isbn={},
  url={},
  pages={396},
  year={2006},
  publisher={Cambridge University Press}
}